
@book{gilbarg_elliptic_2001,
	location = {Berlin, Heidelberg},
	title = {Elliptic Partial Differential Equations of Second Order},
	volume = {224},
	isbn = {978-3-540-41160-4 978-3-642-61798-0},
	url = {http://link.springer.com/10.1007/978-3-642-61798-0},
	series = {Classics in Mathematics},
	publisher = {Springer},
	author = {Gilbarg, David and Trudinger, Neil S.},
	urldate = {2023-10-28},
	date = {2001},
	langid = {english},
	doi = {10.1007/978-3-642-61798-0},
	keywords = {2000, 25Gxx, 35Jxx, Classification, differential equation, Elliptic {PDE}, Interpolation, Mathematical, Mathematical Subject Classification 2000, maximum principle, nonlinear analysis, partial differential equation, partial differential equations, Sobolev space, Subject, {YellowSale}2006},
	file = {Full Text PDF:C\:\\Users\\wuli\\Zotero\\storage\\Z7F8XKGD\\Gilbarg 和 Trudinger - 2001 - Elliptic Partial Differential Equations of Second .pdf:application/pdf},
}

@book{morrey_multiple_1966,
	location = {Berlin, Heidelberg},
	title = {Multiple Integrals in the Calculus of Variations},
	volume = {130},
	isbn = {978-3-540-69915-6 978-3-540-69952-1},
	url = {http://link.springer.com/10.1007/978-3-540-69952-1},
	series = {Grundlehren der mathematischen Wissenschaften},
	publisher = {Springer},
	author = {Morrey, Charles B.},
	urldate = {2023-10-28},
	date = {1966},
	langid = {english},
	doi = {10.1007/978-3-540-69952-1},
	keywords = {differential equation, Calculus, Calculus of Variations, equation, harmonic integrals, Manifold, mathematics, multiple Integral, Sobolev spaces, theorem, Topology, variations},
	file = {Full Text PDF:C\:\\Users\\wuli\\Zotero\\storage\\FGUUCVA5\\Morrey - 1966 - Multiple Integrals in the Calculus of Variations.pdf:application/pdf},
}

@book{evans_partial_2022,
	title = {Partial differential equations},
	volume = {19},
	url = {https://books.google.com/books?hl=zh-CN&lr=&id=Ott1EAAAQBAJ&oi=fnd&pg=PP1&dq=evans+pde&ots=cUNBwK9VyL&sig=OU1MI-GhTg-Hb_OfTxiLO5Cksqg},
	publisher = {American Mathematical Society},
	author = {Evans, Lawrence C.},
	urldate = {2023-10-28},
	date = {2022},
}

@book{adams_sobolev_2003,
	title = {Sobolev spaces},
	url = {https://books.google.com/books?hl=zh-CN&lr=&id=R5A65Koh-EoC&oi=fnd&pg=PP1&dq=adams+sobolev+spaces&ots=gxN7vlr5WE&sig=-C0jcrVn4odD-O42XxOZ6fch8pA},
	publisher = {Elsevier},
	author = {Adams, Robert A. and Fournier, John {JF}},
	urldate = {2023-10-28},
	date = {2003},
}

@book{yu_lecture_2021,
	title = {Lecture Notes in Analysis},
	author = {Yu, Pin},
	date = {2021},
}

@book{simon_lectures_2022,
	title = {Lectures on {PDE}},
	author = {Simon, Leon},
	date = {2022},
}

@book{protter_maximum_1984,
	location = {New York, {NY}},
	title = {Maximum Principles in Differential Equations},
	isbn = {978-1-4612-9769-7 978-1-4612-5282-5},
	url = {http://link.springer.com/10.1007/978-1-4612-5282-5},
	publisher = {Springer},
	author = {Protter, Murray H. and Weinberger, Hans F.},
	urldate = {2023-11-03},
	date = {1984},
	langid = {english},
	doi = {10.1007/978-1-4612-5282-5},
	keywords = {differential equation, maximum principle, partial differential equation, Boundary value problem, Derivative, Eigenvalue, Equations, hyperbolic equation, maximum, wave equation},
	file = {Full Text PDF:C\:\\Users\\wuli\\Zotero\\storage\\BCQXUZ2P\\Protter 和 Weinberger - 1984 - Maximum Principles in Differential Equations.pdf:application/pdf},
}

@book{aubin_nonlinear_1982,
	location = {New York, {NY}},
	title = {Nonlinear Analysis on Manifolds. Monge-Ampère Equations},
	volume = {252},
	isbn = {978-1-4612-5736-3 978-1-4612-5734-9},
	url = {http://link.springer.com/10.1007/978-1-4612-5734-9},
	series = {Grundlehren der mathematischen Wissenschaften},
	publisher = {Springer},
	author = {Aubin, Thierry},
	editorb = {Artin, M. and Chern, S. S. and Doob, J. L. and Grothendieck, A. and Heinz, E. and Hirzebruch, F. and Hörmander, L. and Lane, S. Mac and Magnus, W. and Moore, C. C. and Moser, J. K. and Nagata, M. and Schmidt, W. and Scott, D. S. and Tits, J. and Van Der Waerden, B. L. and Berger, M. and Eckmann, B. and Varadhan, S. R. S.},
	editorbtype = {redactor},
	urldate = {2023-11-03},
	date = {1982},
	langid = {english},
	doi = {10.1007/978-1-4612-5734-9},
	keywords = {curvature, Riemannian geometry, Interpolation, Eigenvalue, differential geometry, Jacobi field, manifold, matrix theory, Riemannian manifold, Tensor},
	file = {Full Text PDF:C\:\\Users\\wuli\\Zotero\\storage\\7Y6HWXYS\\Aubin - 1982 - Nonlinear Analysis on Manifolds. Monge-Ampère Equa.pdf:application/pdf},
}

@book{han_elliptic_2011,
	location = {New York, N.Y. : Providence, R.I},
	edition = {2nd ed},
	title = {Elliptic partial differential equations},
	isbn = {978-0-8218-5313-9},
	series = {Courant lecture notes},
	pagetotal = {147},
	number = {v. 1},
	publisher = {Courant Institute of Mathematical sciences ; American Mathematical Society},
	author = {Han, Qing and Lin, Fanghua},
	date = {2011},
	keywords = {Differential equations, Elliptic, Partial differential equations -- Elliptic equations and systems -- Elliptic equations and systems, Partial differential equations -- Instructional exposition (textbooks, tutorial papers, etc.)},
}
